@TechReport{tolman-02,
  author = 	 {Hendrik L. Tolman},
  title = 	 {User manual and system documentation of {WAVEWATCH III} version 2.22},
  institution =  {NCEP/NOAA/NWS},
  year = 	 {2002},
  OPTkey = 	 {},
  type = 	 {Technical note},
  number = 	 {222},
  address = 	 {National Center for Environmental Prediction, Washington DC},
  month = 	 {September},
  OPTnote = 	 {},
  OPTannote = 	 {}
}

@Manual{devhan-09,
  title = 	 {IMEDS Interactive Model Evaluation and Diagnostics System V2.6 Users Guide},
  OPTkey = 	 {},
  author = 	 {E-M. Devaliere and J.L. Hanson},
  organization = {US Army Corps of Engineers},
  address = 	 {Field Research Facility, Duck, NC},
  OPTedition = 	 {},
  OPTmonth = 	 {},
  year = 	 {2009},
  OPTnote = 	 {},
  OPTannote = 	 {}
}

@Article{ardhuinetal-09,
  author = 	 {F. Ardhuin and B. Chapron and F. Collard},
  title = 	 {OBservation of swell dissipation across oceans},
  journal = 	 {Gephys. Res. Lett.},
  year = 	 {2009},
  OPTkey = 	 {},
  volume = 	 {36},
  number = 	 {L06607},
  OPTpages = 	 {},
  OPTmonth = 	 {},
  OPTnote = 	 {},
  OPTannote = 	 {}
}

@PhdThesis{hanson-96,
  author = 	 {J. L. Hanson},
  title = 	 {Wind sea growth and swell evolution in the Gulf of Alaska},
  school = 	 {Johns Hopkins University},
  year = 	 {1996},
  OPTkey = 	 {},
  OPTtype = 	 {},
  OPTaddress = 	 {},
  OPTmonth = 	 {},
  OPTnote = 	 {},
  OPTannote = 	 {}
}

@Article{haph-01,
  author = 	 {J. L. Hanson and O. M. Phillips},
  title = 	 {Automated analysis of ocean surface directional wave spectra},
  journal = 	 {J. Atmos. Oceanic Technol.},
  year = 	 {2001},
  OPTkey = 	 {},
  volume = 	 {18},
  OPTnumber = 	 {},
  pages = 	 {277 - 293},
  OPTmonth = 	 {},
  OPTnote = 	 {},
  OPTannote = 	 {}
}

@TechReport{chawla-07,
  author = 	 {Arun Chawla and Hendrik L. Tolman},
  title = 	 {Automated grid generation for {WAVEWATCH III}},
  institution =  {NCEP/NOAA/NWS},
  year = 	 {2007},
  OPTkey = 	 {},
  type = 	 {Technical note},
  number = 	 {254},
  address = 	 {National Center for Environmental Prediction, Washington DC},
  OPTmonth = 	 {},
  OPTnote = 	 {},
  OPTannote = 	 {}
}

@ARTICLE{tolman-08,
 AUTHOR  = {H. L. Tolman},
 YEAR    = {2008},
 TITLE   = {A mosaic approach to wind wave modeling},
 JOURNAL = {Ocean Modelling},
 VOLUME  = {25},
 PAGES   = {35-47} 
} 

@Article{wessel-96,
  author = 	 {P. Wessel and W. Smith},
  title = 	 {A global self consistent hierarchical high resolution shoreline database},
  journal = 	 {Journal of Geophysical Research},
  year = 	 {1996},
  OPTkey = 	 {},
  volume = 	 {101},
  OPTnumber = 	 {},
  pages = 	 {8741 - 8743},
  OPTmonth = 	 {},
  OPTnote = 	 {},
  OPTannote = 	 {}
}

@Article{chawla-08,
  author = 	 {Arun Chawla and Hendrik L. Tolman},
  title = 	 {Obstruction grids for spectral wave models},
  journal = 	 {Ocean Modeling},
  year = 	 {2008},
  OPTkey = 	 {},
  OPTvolume = 	 {},
  OPTnumber = 	 {},
  OPTpages = 	 {},
  OPTmonth = 	 {},
  note = 	 {In review},
  OPTannote = 	 {}
}

@TechReport{tolman-07,
  author = 	 {Hendrik L. Tolman},
  title = 	 {Development of a multi-grid version of {WAVEWATCH III}},
  institution =  {NCEP/NOAA/NWS},
  year = 	 {2007},
  OPTkey = 	 {},
  type = 	 {Technical note},
  number = 	 {256},
  address = 	 {National Center for Environmental Prediction, Washington DC},
  month = 	 {August},
  OPTnote = 	 {},
  OPTannote = 	 {}
}

@Article{tolmanetal-02,
  author = 	 {Hendrik L. Tolman and Bhavani Balasubramaniyan and L. D. Burroughs and D. V. Chalikov and Y. Y. Chao and H. S. Chen and V. M. Gerald},
  title = 	 {Development and implementation of wind generated ocean surface wave models at {NCEP}},
  journal = 	 {Weather and Forecasting},
  year = 	 {2002},
  OPTkey = 	 {},
  volume = 	 {17},
  OPTnumber = 	 {},
  pages = 	 {311 - 333},
  OPTmonth = 	 {},
  OPTnote = 	 {},
  OPTannote = 	 {}
}

@TechReport{chao-akw,
  author = 	 {Y. Y. Chao and L. D. Burroughs and H. L. Tolman},
  title = 	 {Wave Forecasting for {A}laskan {W}aters},
  institution =  {NWS/NCEP},
  year = 	 {2003},
  OPTkey = 	 {},
  type = 	 {Technical Procedures Bulletin},
  number = 	 {496},
  OPTaddress = 	 {},
  OPTmonth = 	 {},
  OPTnote = 	 {http://polar.ncep.noaa.gov/mmab/tpbs/operational.tpbs/tpb496/tpb496.htm},
  OPTannote = 	 {}
}
@TechReport{Moorthietal-01,
  author = 	 {S. Moorthi and H.-L. Pan and P. Caplan},
  title = 	 {Changes to the 2001 NCEP {O}perational {MRF}/{AVN} {G}lobal {A}nalysis/{F}orecast {S}ystem},
  institution =  {NWS/NCEP},
  year = 	 {2001},
  OPTkey = 	 {},
  type = 	 {Technical Procedures Bulletin},
  number = 	 {484},
  OPTaddress = 	 {},
  OPTmonth = 	 {},
  OPTnote = 	 {},
  OPTannote = 	 {}
}

@TechReport{chao-wna,
  author = 	 {Y. Y. Chao and L. D. Burroughs and H. L. Tolman},
  title = 	 {Wave Forecasting for {W}estern {N}orth {A}tlantic ocean and adjacent waters},
  institution =  {NWS/NCEP},
  year = 	 {2003},
  OPTkey = 	 {},
  type = 	 {Technical Procedures Bulletin},
  number = 	 {495},
  OPTaddress = 	 {},
  OPTmonth = 	 {},
  OPTnote = 	 {http://polar.ncep.noaa.gov/mmab/tpbs/operational.tpbs/tpb495/tpb495.htm},
  OPTannote = 	 {}
}

@Article{boho-1987,
  author = 	 {N. Booij and L. H. Holthuijsen},
  title = 	 {Propagation of Ocean Waves in Discrete Spectral Wave Models},
  journal = 	 {Journal of Computational Physics},
  year = 	 {1987},
  OPTkey = 	 {},
  volume = 	 {},
  OPTnumber = 	 {},
  pages = 	 {307 - 326},
  OPTmonth = 	 {},
  OPTnote = 	 {},
  OPTannote = 	 {}
}

@Article{tolman-03,
  author =       {Hendrik L. Tolman},
  title =        {Treatment of unresolved islands and ice in wind wave models},
  journal =      {Ocean Modelling},
  year =         {2003},
  OPTkey =       {},
  volume =       {5},
  OPTnumber =    {},
  pages =        {219 - 231},
  OPTmonth =     {},
  OPTnote =      {},
  OPTannote =    {}
}

@TechReport{tolmanetal-06,
  author = 	 {Hendrik L. Tolman and Degui Cao and Vera M. Gerald},
  title = 	 {Altimeter data for use in wave models at NCEP},
  institution =  {NCEP/NOAA/NWS},
  year = 	 {2006},
  OPTkey = 	 {},
  OPTtype = 	 {},
  number = 	 {252},
  address = 	 {National Center for Environmental Prediction, Wasjington DC},
  month = 	 {October},
  OPTnote = 	 {},
  OPTannote = 	 {}
}

@TechReport{chao-enp,
  author = 	 {Y. Y. Chao and L. D. Burroughs and H. L. Tolman},
  title = 	 {Wave Forecasting for {E}astern {N}orth {P}acific ocean and adjacent waters},
  institution =  {NWS/NCEP},
  year = 	 {2003},
  OPTkey = 	 {},
  type = 	 {Technical Procedures Bulletin},
  number = 	 {491},
  OPTaddress = 	 {},
  OPTmonth = 	 {},
  OPTnote = 	 {http://polar.ncep.noaa.gov/mmab/tpbs/operational.tpbs/tpb491/tpb491.htm},
  OPTannote = 	 {}
}

@Article{hansonetal-09,
  author = 	 {J. L. Hanson and B. A. Tracy and H. L. Tolman and R. D. Scott},
  title = 	 {Pacific Hindcast Performance of Three Numerical Wave Models},
  journal = 	 {Journal of Atmospheric and Oceanic Technology},
  year = 	 {2009},
  OPTkey = 	 {},
  volume = 	 {26},
  OPTnumber = 	 {},
  pages = 	 {1614 - 1633},
  OPTmonth = 	 {},
  OPTnote = 	 {},
  OPTannote = 	 {}
}

@InProceedings{bidlotetal-07,
  author =       {J. R. Bidlot and J. G. Li and P. Wittmann and M. Faucher and H. S. Chen and J. M. Lefevre and T. Bruns and D. Greenslade and F. Ardhuin and N. Kohno and S. Park and M. Gomez},
  title = 	 {Inter-comparison of Operational Wave Forecasting Systems},
  year = 	 {2007},
  OPTkey = 	 {},
  booktitle = {10$^th$ International workshop on wave hindcasting and forecasting},
  OPTpages =        {pp 12},
  OPTeditor = 	 {},
  OPTvolume = 	 {},
  OPTnumber = 	 {},
  OPTseries = 	 {},
  address = 	 {Oahu, Hawaii},
  OPTmonth = 	 {},
  OPTorganization = {Environment Canada},
  OPTpublisher = {},
  OPTnote = 	 {},
  OPTannote = 	 {}
}

@InProceedings{chawlaetal-07,
  author =       {A. Chawla and D. Cao and V. Gerald and T. Spindler and H.L. Tolman},
  title = 	 {Operational Implementation of a Multi-grid Wave Forecasting System},
  year = 	 {2007},
  OPTkey = 	 {},
  booktitle = {10$^th$ International workshop on wave hindcasting and forecasting},
  pages =        {pp 12},
  OPTeditor = 	 {},
  OPTvolume = 	 {},
  OPTnumber = 	 {},
  OPTseries = 	 {},
  address = 	 {Oahu, Hawaii},
  OPTmonth = 	 {},
  OPTorganization = {Environment Canada},
  OPTpublisher = {},
  OPTnote = 	 {},
  OPTannote = 	 {}
}

@InProceedings{chen-06,
  author = 	 {H. S. Chen},
  title = 	 {Ensemble Prediction of Ocean Waves at {NCEP}},
  OPTcrossref =  {},
  OPTkey = 	 {},
  booktitle = {Proceedings of the 28th Ocean Engineering Conference in Taiwan},
  pages = 	 {25 - 37},
  year = 	 {2006},
  OPTeditor = 	 {},
  OPTvolume = 	 {},
  OPTnumber = 	 {},
  OPTseries = 	 {},
  address = 	 {National Sun Yat-Sen University},
  month = 	 {November},
  OPTorganization = {},
  OPTpublisher = {},
  note = 	 {Keynote Speech},
  OPTannote = 	 {}
}

@TechReport{alvesetal-05,
  author = 	 {Alves, J. H. G. M. and Y. Y. Chao and H. L. Tolman},
  title = 	 {The Operational North Atlantic Hurricane Wind-Wave Forecasting System at {NOAA/NCEP}},
  institution =  {NCEP/NOAA/NWS},
  year = 	 {2005},
  OPTkey = 	 {},
  type = 	 {Technical Note},
  number = 	 {244},
  address = 	 {National Center for Environmental Prediction Washington DC},
  OPTmonth = 	 {},
  OPTnote = 	 {},
  OPTannote = 	 {}
}

@InProceedings{chao-00,
  author =       {Y. Y. Chao and Hendrik L. Tolman},
  title = 	 {Numerical experiments on predicting hurricane generated wind waves},
  year = 	 {2000},
  OPTkey = 	 {},
  booktitle = {6th International workshop on wave hindcasting and forecasting},
  pages =        {167 - 179},
  OPTeditor = 	 {},
  OPTvolume = 	 {},
  OPTnumber = 	 {},
  OPTseries = 	 {},
  OPTaddress = 	 {},
  OPTmonth = 	 {},
  organization = {Environment Canada},
  OPTpublisher = {},
  OPTnote = 	 {},
  OPTannote = 	 {}
}


@InCollection{chao-01,
  author = 	 {Y. Y. Chao and Hendrik L. Tolman},
  title = 	 {Specification of hurricane wind fields for ocean wave prediction},
  booktitle = 	 {Ocean Wave Measurement and Analysis},
  OPTcrossref =  {},
  OPTkey = 	 {},
  pages = 	 {671 - 679},
  publisher = {ASCE},
  year = 	 {2001},
  editor = 	 {B. L. Edge and J. M. Hemsley},
  OPTvolume = 	 {},
  OPTnumber = 	 {},
  OPTseries = 	 {},
  OPTtype = 	 {},
  OPTchapter = 	 {},
  address = 	 {San Francisco, CA},
  OPTedition = 	 {},
  OPTmonth = 	 {},
  OPTnote = 	 {},
  OPTannote = 	 {}
}

@Article{tolman-02c,
  author = 	 {Hendrik L. Tolman},
  title = 	 {Alleviating the Garden Sprinkler Effect in wind wave models},
  journal = 	 {Ocean Modelling},
  year = 	 {2002},
  OPTkey = 	 {},
  volume = 	 {4},
  OPTnumber = 	 {},
  pages = 	 {269 - 289},
  OPTmonth = 	 {},
  OPTnote = 	 {},
  OPTannote = 	 {}
}

@TechReport{tolman-02a,
  author = 	 {Hendrik L. Tolman},
  title = 	 {Validation of {WAVEWATCH III} version 1.15 for a global domain},
  institution =  {NCEP/NOAA/NWS},
  year = 	 {2002},
  OPTkey = 	 {},
  type = 	 {Technical note},
  number = 	 {213},
  address = 	 {National Center for Environmental Prediction, Washington DC},
  month = 	 {September},
  OPTnote = 	 {},
  OPTannote = 	 {}
}

@TechReport{tolman-02b,
  author = 	 {Hendrik L. Tolman},
  title = 	 {Testing of {WAVEWATCH III} version 2.22 in {NCEP}'s {NWW3} ocean wave model suite.},
  institution =  {NCEP/NOAA/NWS},
  year = 	 {2002},
  OPTkey = 	 {},
  type = 	 {Technical note},
  number = 	 {214},
  address = 	 {National Center for Environmental Prediction, Washington DC},
  month = 	 {September},
  OPTnote = 	 {},
  OPTannote = 	 {}
}

@Article{tolman-02d,
  author = 	 {Hendrik L. Tolman},
  title = 	 {Distributed memory concepts in the wave model {WAVEWATCH III}},
  journal = 	 {Parallel Computing,},
  year = 	 {2002},
  OPTkey = 	 {},
  volume = 	 {28},
  OPTnumber = 	 {},
  pages = 	 {35 - 52},
  OPTmonth = 	 {},
  OPTnote = 	 {},
  OPTannote = 	 {}
}

@Article{caplanetal-97,
  author = 	 {Peter Caplan and John Derber and William Gemmill and Song-You Hong and Hua-Lu Pan and David Parrish},
  title = 	 {Changes to the 1995 {NCEP} operational {M}edium-{R}ange {F}orecast model analysis-forecast system},
  journal = 	 {Weather and Forecasting},
  year = 	 {1997},
  OPTkey = 	 {},
  volume = 	 {12},
  OPTnumber = 	 {},
  pages = 	 {581 - 594},
  OPTmonth = 	 {},
  OPTnote = 	 {},
  OPTannote = 	 {}
}


@Article{vincent-91,
  author = 	 {L. Vincent and P. Soille},
  title = 	 {Watersheds in digital spaces: An efficient algorithm based on immersion simulations.},
  journal = 	 {IEEE Transactions of Pattern Analysis and Machine Intelligence},
  year = 	 {1991},
  OPTkey = 	 {},
  volume = 	 {13},
  OPTnumber = 	 {},
  pages = 	 {583 - 598},
  OPTmonth = 	 {},
  OPTnote = 	 {},
  OPTannote = 	 {}
}


@Article{tolman-05,
  author = 	 {Hendrik L. Tolman and Jose-Henrique G. M. Alves},
  title = 	 {Numerical modeling of wind waves generated by tropical cyclones using moving grids},
  journal = 	 {Ocean Modelling},
  year = 	 {2005},
  OPTkey = 	 {},
  volume = 	 {9},
  OPTnumber = 	 {},
  pages = 	 {305 - 323},
  OPTmonth = 	 {},
  OPTnote = 	 {},
  OPTannote = 	 {}
}

@Article{bender-93,
  author = 	 {M. A. Bender and R. J. Ross and R. E. Tuleya and Y. Kurihara},
  title = 	 {Improvements in tropical cyclone track and intensity forecasts using the GFDL initialization system},
  journal = 	 {Monthly Weather Review},
  year = 	 {1993},
  OPTkey = 	 {},
  volume = 	 {121},
  OPTnumber = 	 {},
  pages = 	 {2046 - 2061},
  OPTmonth = 	 {},
  OPTnote = 	 {},
  OPTannote = 	 {}
}

@Article{kurihara-95,
  author = 	 {Y. Kurihara and M. A. Bender and R. E. Tuleya and R. J. Ross},
  title = 	 {Improvements in the GFDL hurricane system},
  journal = 	 {Monthly Weather Review},
  year = 	 {1995},
  OPTkey = 	 {},
  volume = 	 {123},
  OPTnumber = 	 {},
  pages = 	 {2791 - 2801},
  OPTmonth = 	 {},
  OPTnote = 	 {},
  OPTannote = 	 {}
}


@InProceedings{hansonetal-07,
  author = 	 {J. L. Hanson and E.-M. Devaliere and T. Nicolini and H. L. Tolman and B. Tracy},
  title = 	 {Wind sea and swell delineation for numerical wave modeling},
  OPTcrossref =  {},
  OPTkey = 	 {},
  booktitle = {Preprints 10th international workshop on wave hindcasting and forecasting},
  OPTpages = 	 {},
  year = 	 {2007},
  OPTeditor = 	 {},
  OPTvolume = 	 {},
  OPTnumber = 	 {},
  OPTseries = 	 {},
  OPTaddress = 	 {},
  OPTmonth = 	 {},
  OPTorganization = {},
  OPTpublisher = {},
  OPTnote = 	 {},
  OPTannote = 	 {}
}

@Article{tolman-92,
  author = 	 {H. L. Tolman},
  title = 	 {Effects of numerics on the physics in a third generation wind-wave model},
  journal = 	 {Journal of Physical Oceanography},
  year = 	 {1992},
  OPTkey = 	 {},
  volume = 	 {22},
  OPTnumber = 	 {},
  pages = 	 {1095 -  1111},
  OPTmonth = 	 {},
  OPTnote = 	 {},
  OPTannote = 	 {}
}

@InProceedings{battjes-78,
  author = 	 {J. A. Battjes and J. P. F. M. Janssen},
  title = 	 {Energy loss and set-up due to breaking of random waves},
  OPTcrossref =  {},
  OPTkey = 	 {},
  booktitle = {Proceedings 16th International Conference in Coastal Engineering},
  pages = 	 {569 - 587},
  year = 	 {1978},
  OPTeditor = 	 {},
  OPTvolume = 	 {},
  OPTnumber = 	 {},
  OPTseries = 	 {},
  OPTaddress = 	 {},
  OPTmonth = 	 {},
  OPTorganization = {},
  OPTpublisher = {},
  OPTnote = 	 {},
  OPTannote = 	 {}
}

@Article{cavaleri-81,
  author = 	 {L. Cavaleri and P. Malanotte-Rizzoli},
  title = 	 {Wind-wave prediction in shallow water: Theory and applications},
  journal = 	 {Journal of Geophysical Research},
  year = 	 {1981},
  OPTkey = 	 {},
  volume = 	 {86},
  OPTnumber = 	 {},
  pages = 	 {10961 - 10973},
  OPTmonth = 	 {},
  OPTnote = 	 {},
  OPTannote = 	 {}
}

@TechReport{hanson-04,
  author = 	 {J. L. Hanson and R. E. Jenson},
  title = 	 {Wave system diagnostics for numerical wave models},
  institution =  {JCOMM},
  year = 	 {2004},
  OPTkey = 	 {},
  OPTtype = 	 {},
  number = 	 {29},
  address = 	 {WMO/TD-No. 1319},
  OPTmonth = 	 {},
  OPTnote = 	 {},
  OPTannote = 	 {}
}

@TechReport{tolman-06,
  author = 	 {Hendrik L. Tolman},
  title = 	 {Toward the third release of {WAVEWATCH III}: A multi - grid model version},
  institution =  {JCOMM},
  year = 	 {2006},
  OPTkey = 	 {},
  OPTtype = 	 {},
  number = 	 {34},
  address = 	 {WMO/TD-No. 1368},
  OPTmonth = 	 {},
  OPTnote = 	 {},
  OPTannote = 	 {}
}

@Article{kanamitsu-89,
  author = 	 {Masao Kanamitsu},
  title = 	 {Description of the {NMC} global data assimilation and forecast system},
  journal = 	 {Weather and Forecasting},
  year = 	 {1989},
  OPTkey = 	 {},
  volume = 	 {4},
  OPTnumber = 	 {},
  pages = 	 {335-342},
  OPTmonth = 	 {},
  OPTnote = 	 {},
  OPTannote = 	 {}
}

@Article{kanamitsuetal-91,
  author = 	 {M. Kanamitsu and J. C. Alpert and K. A. Campana and P. M. Caplan and D. G. Deavan and M. Iredell and B. Katz and H.-L. Pan and J. Sela and G. H. White},
  title = 	 {Recent changes implemented into the global forecast system at {NMC}},
  journal = 	 {Weather and Forecasting},
  year = 	 {1991},
  OPTkey = 	 {},
  volume = 	 {6},
  OPTnumber = 	 {},
  pages = 	 {425-434},
  OPTmonth = 	 {},
  OPTnote = 	 {},
  OPTannote = 	 {}
}

@Article{tolchal-96,
  author = 	 {H. L. Tolman and D. Chalikov},
  title = 	 {Source terms in a thrid generation wind wave model},
  journal = 	 {Journal of Physical Oceanography},
  year = 	 {1996},
  OPTkey = 	 {},
  volume = 	 {26},
  OPTnumber = 	 {},
  pages = 	 {2497-2518},
  OPTmonth = 	 {},
  OPTnote = 	 {},
  OPTannote = 	 {}
}


@InProceedings{tolman-07a,
  author = 	 {Hendrik L. Tolman},
  title = 	 {The 2007 release of {WAVEWATCH III}},
  OPTcrossref =  {},
  OPTkey = 	 {},
  booktitle = {10$^{th}$ International Workshop on Wave Hindcasting and Forecasting},
  OPTpages = 	 {},
  year = 	 {2007},
  OPTeditor = 	 {},
  OPTvolume = 	 {},
  OPTnumber = 	 {},
  OPTseries = 	 {},
  address = 	 {Turtle Bay, Hawaii},
  OPTmonth = 	 {},
  OPTorganization = {},
  OPTpublisher = {},
  OPTnote = 	 {},
  OPTannote = 	 {}
}

@Article{derberetal-91,
  author = 	 {J. C. Derber and David F. Parrish and Stephen J. Lord},
  title = 	 {The new global operational analysis system at the {N}ational {M}eteorological {C}enter},
  journal = 	 {Weather and Forecasting},
  year = 	 {1991},
  OPTkey = 	 {},
  volume = 	 {6},
  OPTnumber = 	 {},
  pages = 	 {538-547},
  OPTmonth = 	 {},
  OPTnote = 	 {},
  OPTannote = 	 {}
}

@techreport{grumbine-96,
  author = 	 {R. W. Grumbine},
  title = 	 {Automated passive microwave sea ice concentration analysis},
  institution =  {NCEP/NOAA/NWS},
  year = 	 {1996},
  OPTkey = 	 {},
  type = 	 {Technical note},
  number = 	 {120},
  address = 	 {National Center for Environmental Prediction, Washington DC},
  OPTmonth = 	 {},
  OPTnote = 	 {},
  OPTannote = 	 {}
}
