/media/Lado_B/Work/JHA Publications/PAPERS/BIBTEX/breakers.bib